<?xml version="1.0" encoding="UTF-8" ?>
<collection xmlns:xsi="http://www.w3.org/2001/XMLSchema-instance"
    xsi:schemaLocation="http://www.loc.gov/MARC21/slim
        http://www.loc.gov/standards/marcxml/schema/MARC21slim.xsd"
    xmlns="http://www.loc.gov/MARC21/slim">
<record>
  <leader>00361cam a2200745 ia4500</leader>
  <controlfield tag="001">b12668278</controlfield>
  <controlfield tag="003">LeBAU</controlfield>
  <controlfield tag="005">2018011</controlfield>
  <controlfield tag="008">970920m19451959le afh   b    ||1 0 ara d</controlfield>
  <datafield tag="035" ind1=" " ind2=" ">
    <subfield code="a">ocn784455008</subfield>
  </datafield>
  <datafield tag="040" ind1=" " ind2=" ">
    <subfield code="a">LEAUB</subfield>
    <subfield code="b">ara</subfield>
    <subfield code="e">rda</subfield>
    <subfield code="c">LEAUB</subfield>
    <subfield code="d">LEAUB</subfield>
  </datafield>
  <datafield tag="082" ind1="0" ind2="4">
    <subfield code="a">920.02</subfield>
    <subfield code="2">22</subfield>
  </datafield>
  <datafield tag="100" ind1="1" ind2=" ">
    <subfield code="6">880-01</subfield>
    <subfield code="a">Ghazzī, Najm al-Dīn Muḥammad ibn Muḥammad,</subfield>
    <subfield code="d">1570-1651,</subfield>
    <subfield code="e">author.</subfield>
  </datafield>
  <datafield tag="245" ind1="1" ind2="0">
    <subfield code="6">880-02</subfield>
    <subfield code="a">al-Kawakib al-sāʼirah bi-aʻyān al-miʼah al-ʻāshirah /</subfield>
    <subfield code="c">lil-Shaykh Najm al-Dīn al-Ghazzī ; ḥaqqaqahu wa-ḍabaṭa naṣṣahu al-Duktūr Jibrāʼīl Sulaymān Jabbūr, aḥad asātidhat al-dā’irah al-‘Arabīyah fī Jāmi‘at Bayrūt al-Amīrikīyah.</subfield>
  </datafield>
  <datafield tag="246" ind1="1" ind2="5">
    <subfield code="a">AL-KAWAKIB AL-SĀ’IRAH BI-A‘YĀN AL-MI’AH AL-‘ĀSHIRAH :</subfield>
    <subfield code="b">A biographical dictionary of notable men and women in the Moslem world in the sixteenth Christian century</subfield>
  </datafield>
  <datafield tag="264" ind1=" " ind2="1">
    <subfield code="6">880-03</subfield>
    <subfield code="a">Bayrūt :</subfield>
    <subfield code="b">Jāmi‘at Bayrūt al-Amīrikīyah, Manshūrāt Kullīyat al-‘Ulūm wa-al-Ādāb,</subfield>
    <subfield code="c">1945-1959.</subfield>
  </datafield>
  <datafield tag="300" ind1=" " ind2=" ">
    <subfield code="6">880-04</subfield>
    <subfield code="a">3 volumes :</subfield>
    <subfield code="b">illustrations, facsimile ;</subfield>
    <subfield code="c">24 cm.</subfield>
  </datafield>
  <datafield tag="336" ind1=" " ind2=" ">
    <subfield code="a">text</subfield>
    <subfield code="b">txt</subfield>
    <subfield code="2">rdacontent</subfield>
  </datafield>
  <datafield tag="336" ind1=" " ind2=" ">
    <subfield code="a">still image</subfield>
    <subfield code="b">sti</subfield>
    <subfield code="2">rdacontent</subfield>
  </datafield>
  <datafield tag="337" ind1=" " ind2=" ">
    <subfield code="a">unmediated</subfield>
    <subfield code="b">n</subfield>
    <subfield code="2">rdamedia</subfield>
  </datafield>
  <datafield tag="338" ind1=" " ind2=" ">
    <subfield code="a">volume</subfield>
    <subfield code="b">nc</subfield>
    <subfield code="2">rdacarrier</subfield>
  </datafield>
  <datafield tag="490" ind1="1" ind2=" ">
    <subfield code="6">880-05</subfield>
    <subfield code="a">Manshūrāt Kullīyat al-‘Ulūm wa-al-Ādāb. Silsilat al-‘ulūm al-sharqīyah ;</subfield>
    <subfield code="v">al-ḥalaqah al-thāminah ‘asharah, al-ḥalaqah al-‘ushrūn, al-ḥalaqah al-tāsi‘ah wa-al-‘ushrūn</subfield>
  </datafield>
  <datafield tag="500" ind1=" " ind2=" ">
    <subfield code="a">منشورات أساتذة الجامعة الاميركية في بيروت.</subfield>
  </datafield>
  <datafield tag="500" ind1=" " ind2=" ">
    <subfield code="a">الجزء الأول طبع في المطبعة الأميركانية، بيروت، 1945؛ الجزء الثاني طبع في مطبعة المرسلين اللبنانيين، جونية، سنة 1949؛ الجزء الثالث طبع في المطبعة البولسية، حريصا، سنة 1959.</subfield>
  </datafield>
  <datafield tag="501" ind1=" " ind2=" ">
    <subfield code="a">نسخة مكتبة يافث الثالثة تتضمن الأجزاء 1-2 في مجلد واحد.</subfield>
  </datafield>
  <datafield tag="504" ind1=" " ind2=" ">
    <subfield code="a">يتضمن مراجع ببليوغرافية وكشافات.</subfield>
  </datafield>
  <datafield tag="588" ind1=" " ind2=" ">
    <subfield code="a">الوصف يستند إلى الجزء الأول.</subfield>
  </datafield>
  <datafield tag="650" ind1=" " ind2="4">
    <subfield code="a">المسلمون</subfield>
    <subfield code="v">تراجم</subfield>
    <subfield code="v">اعمال قديمة حتى 1800.</subfield>
  </datafield>
  <datafield tag="650" ind1=" " ind2="4">
    <subfield code="a">الاسلام</subfield>
    <subfield code="v">تراجم</subfield>
    <subfield code="v">اعمال قديمة حتى 1800.</subfield>
  </datafield>
  <datafield tag="650" ind1=" " ind2="0">
    <subfield code="a">Muslims</subfield>
    <subfield code="v">Biography</subfield>
    <subfield code="v">Early works to 1800.</subfield>
  </datafield>
  <datafield tag="650" ind1=" " ind2="0">
    <subfield code="a">Islam</subfield>
    <subfield code="v">Biography</subfield>
    <subfield code="v">Early works to 1800.</subfield>
  </datafield>
  <datafield tag="651" ind1=" " ind2="4">
    <subfield code="a">الامبراطورية الاسلامية</subfield>
    <subfield code="v">تراجم</subfield>
    <subfield code="v">اعمال قديمة حتى 1800.</subfield>
  </datafield>
  <datafield tag="651" ind1=" " ind2="0">
    <subfield code="a">Islamic Empire</subfield>
    <subfield code="v">Biography</subfield>
    <subfield code="v">Early works to 1800.</subfield>
  </datafield>
  <datafield tag="700" ind1="1" ind2=" ">
    <subfield code="6">880-06</subfield>
    <subfield code="a">Jabbūr, Jibrā’īl Sulaymān,</subfield>
    <subfield code="e">compiler.</subfield>
  </datafield>
  <datafield tag="762" ind1="0" ind2=" ">
    <subfield code="6">880-07</subfield>
    <subfield code="a">Silsilat al-‘ulūm al-sharqīyah</subfield>
  </datafield>
  <datafield tag="830" ind1=" " ind2="0">
    <subfield code="6">880-08</subfield>
    <subfield code="a">Publication of the Faculty of Arts and Sciences.</subfield>
    <subfield code="p">Oriental series ;</subfield>
    <subfield code="v">18, 20, 29.</subfield>
  </datafield>
  <datafield tag="852" ind1=" " ind2=" ">
    <subfield code="a">Jafet Library</subfield>
    <subfield code="e">American University of Beirut, Bliss Street , Beirut, Lebanon.</subfield>
  </datafield>
  <datafield tag="852" ind1=" " ind2=" ">
    <subfield code="a">Jafet Archives and Special Collections</subfield>
    <subfield code="e">American University of Beirut, Bliss Street , Beirut, Lebanon.</subfield>
  </datafield>
  <datafield tag="852" ind1=" " ind2=" ">
    <subfield code="a">Jafet Library</subfield>
    <subfield code="e">American University of Beirut, Bliss Street , Beirut, Lebanon.</subfield>
  </datafield>
  <datafield tag="880" ind1="1" ind2=" ">
    <subfield code="6">100-01/(3/r</subfield>
    <subfield code="a">الغزي، نجم الدين محمد بن محمد،</subfield>
    <subfield code="d">1570-1651،</subfield>
    <subfield code="e">مؤلف. </subfield>
    <subfield code="4">aut.</subfield>
  </datafield>
  <datafield tag="880" ind1="1" ind2="3">
    <subfield code="6">245-02/(3/r</subfield>
    <subfield code="a">الكواكب السائرة بأعيان المئة العاشرة /</subfield>
    <subfield code="c">للشيخ نجم الدين الغزي ؛ حققه وضبط نصه الدكتور جبرائيل سليمان جبور، أحد أساتذة الدائرة العربية في جامعة بيروت الأميركية</subfield>
  </datafield>
  <datafield tag="880" ind1=" " ind2=" ">
    <subfield code="6">300-04/(3/r</subfield>
    <subfield code="a">3 أجزاء :</subfield>
    <subfield code="b">مصورات، صورة طبق الأصل ؛</subfield>
    <subfield code="c">24 سم.</subfield>
  </datafield>
  <datafield tag="880" ind1=" " ind2="1">
    <subfield code="6">264-03/(3/r</subfield>
    <subfield code="a">بيروت :</subfield>
    <subfield code="b">جامعة بيروت الأميركية، منشورات كلية العلوم والآداب،</subfield>
    <subfield code="c">1945-1959.</subfield>
  </datafield>
  <datafield tag="880" ind1="1" ind2=" ">
    <subfield code="6">490-05/(3/r</subfield>
    <subfield code="a">منشورات كلية العلوم والآداب. سلسلة العلوم الشرقية ؛</subfield>
    <subfield code="v">الحلقة الثامنة عشرة، الحلقة العشرون، الحلقة التاسعة والعشرون</subfield>
  </datafield>
  <datafield tag="880" ind1="1" ind2=" ">
    <subfield code="6">700-06/(3/r</subfield>
    <subfield code="a">جبور، جبرائيل سليمان،</subfield>
    <subfield code="e">معد. </subfield>
    <subfield code="4">com.</subfield>
  </datafield>
  <datafield tag="880" ind1="0" ind2=" ">
    <subfield code="6">762-07/(3/r</subfield>
    <subfield code="a">سلسلة العلوم الشرقية</subfield>
  </datafield>
  <datafield tag="880" ind1=" " ind2="0">
    <subfield code="6">830-08/(3/r</subfield>
    <subfield code="a">منشورات كلية العلوم والآداب.</subfield>
    <subfield code="p">سلسلة العلوم الشرقية ؛</subfield>
    <subfield code="v">18، 20، 29.</subfield>
  </datafield>
  <datafield tag="907" ind1=" " ind2=" ">
    <subfield code="a">.b12668278</subfield>
    <subfield code="b">18-01-17</subfield>
    <subfield code="c">11-05-24</subfield>
  </datafield>
  <datafield tag="907" ind1=" " ind2=" ">
    <subfield code="a">.b12668278</subfield>
    <subfield code="b">15-10-15</subfield>
    <subfield code="c">11-05-24</subfield>
  </datafield>
  <datafield tag="945" ind1=" " ind2=" ">
    <subfield code="f">CA:AUB</subfield>
    <subfield code="a">920.02:G41kA:v.1:c.1</subfield>
    <subfield code="g">1</subfield>
    <subfield code="i">01068656</subfield>
    <subfield code="j">.i13203575</subfield>
    <subfield code="l">u0305</subfield>
  </datafield>
  <datafield tag="945" ind1=" " ind2=" ">
    <subfield code="f">CA:AUB</subfield>
    <subfield code="a">920.02:G41kA:v.2:c.1</subfield>
    <subfield code="g">1</subfield>
    <subfield code="i">01068657</subfield>
    <subfield code="j">.i13203587</subfield>
    <subfield code="l">u0305</subfield>
  </datafield>
  <datafield tag="945" ind1=" " ind2=" ">
    <subfield code="f">CA:AUB</subfield>
    <subfield code="a">920.02:G41kA:v.3:c.1</subfield>
    <subfield code="g">1</subfield>
    <subfield code="i">01068658</subfield>
    <subfield code="j">.i13203599</subfield>
    <subfield code="l">u0305</subfield>
  </datafield>
  <datafield tag="945" ind1=" " ind2=" ">
    <subfield code="f">CA:AUB</subfield>
    <subfield code="a">920.02:G41kA:v.1:c.2</subfield>
    <subfield code="g">1</subfield>
    <subfield code="i">01069108</subfield>
    <subfield code="j">.i13203605</subfield>
    <subfield code="l">u0305</subfield>
  </datafield>
  <datafield tag="945" ind1=" " ind2=" ">
    <subfield code="f">CA:AUB</subfield>
    <subfield code="a">920.02:G41kA:v.2:c.2</subfield>
    <subfield code="g">1</subfield>
    <subfield code="i">01069109</subfield>
    <subfield code="j">.i13203617</subfield>
    <subfield code="l">u0305</subfield>
  </datafield>
  <datafield tag="945" ind1=" " ind2=" ">
    <subfield code="f">CA:AUB</subfield>
    <subfield code="a">920.02:G41kA:v.3:c.2</subfield>
    <subfield code="g">1</subfield>
    <subfield code="i">01069110</subfield>
    <subfield code="j">.i13203629</subfield>
    <subfield code="l">u0305</subfield>
  </datafield>
  <datafield tag="945" ind1=" " ind2=" ">
    <subfield code="f">J</subfield>
    <subfield code="a">920.02:G41kA:v.1:c.2</subfield>
    <subfield code="g">1</subfield>
    <subfield code="i">01054069</subfield>
    <subfield code="j">.i13203496</subfield>
    <subfield code="l">u0503</subfield>
  </datafield>
  <datafield tag="945" ind1=" " ind2=" ">
    <subfield code="f">J</subfield>
    <subfield code="a">920.02:G41kA:v.2:c.1</subfield>
    <subfield code="g">1</subfield>
    <subfield code="i">01054070</subfield>
    <subfield code="j">.i13203502</subfield>
    <subfield code="l">u0503</subfield>
  </datafield>
  <datafield tag="945" ind1=" " ind2=" ">
    <subfield code="f">J</subfield>
    <subfield code="a">920.02:G41kA:v.2:c.2</subfield>
    <subfield code="g">1</subfield>
    <subfield code="i">01054071</subfield>
    <subfield code="j">.i13203514</subfield>
    <subfield code="l">u0503</subfield>
  </datafield>
  <datafield tag="945" ind1=" " ind2=" ">
    <subfield code="f">J</subfield>
    <subfield code="a">920.02:G41kA:v.2:c.3</subfield>
    <subfield code="g">1</subfield>
    <subfield code="i">01054072</subfield>
    <subfield code="j">.i13203526</subfield>
    <subfield code="l">u0503</subfield>
  </datafield>
  <datafield tag="945" ind1=" " ind2=" ">
    <subfield code="f">J</subfield>
    <subfield code="a">920.02:G41kA:v.1-2:c.3</subfield>
    <subfield code="g">1</subfield>
    <subfield code="i">01054073</subfield>
    <subfield code="j">.i13203538</subfield>
    <subfield code="l">u0503</subfield>
  </datafield>
  <datafield tag="945" ind1=" " ind2=" ">
    <subfield code="f">J</subfield>
    <subfield code="a">920.02:G41kA:v.3:c.1</subfield>
    <subfield code="g">1</subfield>
    <subfield code="i">01054074</subfield>
    <subfield code="j">.i1320354x</subfield>
    <subfield code="l">u0503</subfield>
  </datafield>
  <datafield tag="945" ind1=" " ind2=" ">
    <subfield code="f">J</subfield>
    <subfield code="a">920.02:G41kA:v.3:c.2</subfield>
    <subfield code="g">1</subfield>
    <subfield code="i">01054075</subfield>
    <subfield code="j">.i13203551</subfield>
    <subfield code="l">u0503</subfield>
  </datafield>
  <datafield tag="945" ind1=" " ind2=" ">
    <subfield code="f">J</subfield>
    <subfield code="a">920.02:G41kA:v.3:c.3</subfield>
    <subfield code="g">1</subfield>
    <subfield code="i">01054076</subfield>
    <subfield code="j">.i13203563</subfield>
    <subfield code="l">u0503</subfield>
  </datafield>
  <datafield tag="945" ind1=" " ind2=" ">
    <subfield code="f">J</subfield>
    <subfield code="a">920.02:G41kA:v.1:c.1</subfield>
    <subfield code="g">1</subfield>
    <subfield code="i">00292098</subfield>
    <subfield code="j">.i13203630</subfield>
    <subfield code="l">u0503</subfield>
  </datafield>
  <datafield tag="998" ind1=" " ind2=" ">
    <subfield code="a">(6)u03</subfield>
    <subfield code="a">(9)u05</subfield>
    <subfield code="b">97-09-20</subfield>
    <subfield code="c">m</subfield>
    <subfield code="d">a</subfield>
    <subfield code="e">-</subfield>
    <subfield code="f">ara</subfield>
    <subfield code="g">le </subfield>
    <subfield code="h">0</subfield>
    <subfield code="i">15</subfield>
  </datafield>
</record>
</collection>
